<record><leader>00000cas a22000007a 4500</leader><controlfield tag="001">22416552</controlfield><controlfield tag="008">900921d197519uucouwr ne      0    0eng d</controlfield><datafield ind1=" " ind2=" " tag="010"><subfield code="a">sn 90051686 </subfield></datafield><datafield ind1=" " ind2=" " tag="040"><subfield code="a">CNQ</subfield><subfield code="b">eng</subfield><subfield code="c">CNQ</subfield><subfield code="d">OCL</subfield><subfield code="d">OCLCQ</subfield></datafield><datafield ind1=" " ind2=" " tag="019"><subfield code="a">22416881</subfield><subfield code="a">22416955</subfield><subfield code="a">22417046</subfield></datafield><datafield ind1=" " ind2=" " tag="042"><subfield code="a">msc</subfield></datafield><datafield ind1="0" ind2=" " tag="130"><subfield code="a">Mountain independent (Pine, Colo.)</subfield></datafield><datafield ind1="1" ind2="4" tag="245"><subfield code="a">The mountain independent.</subfield></datafield><datafield ind1="1" ind2="7" tag="246"><subfield code="a">Mountain independent/Park County nosey</subfield></datafield><datafield ind1="3" ind2="0" tag="246"><subfield code="a">Mountain independent and Park County nosey</subfield></datafield><datafield ind1=" " ind2=" " tag="260"><subfield code="a">Jefferson and Park Counties, Colo. :</subfield><subfield code="b">Larry &amp; Sherry Trenkle and Steve &amp; Kay Bergstrom</subfield></datafield><datafield ind1=" " ind2=" " tag="300"><subfield code="a">v.</subfield></datafield><datafield ind1=" " ind2=" " tag="310"><subfield code="a">Weekly</subfield></datafield><datafield ind1="0" ind2=" " tag="362"><subfield code="a">Aug. 15, 1975-</subfield></datafield><datafield ind1=" " ind2=" " tag="500"><subfield code="a">Title varies slightly.</subfield></datafield><datafield ind1=" " ind2=" " tag="752"><subfield code="a">United States</subfield><subfield code="b">Colorado</subfield><subfield code="c">Jefferson</subfield><subfield code="d">Pine.</subfield></datafield><datafield ind1=" " ind2=" " tag="752"><subfield code="a">United States</subfield><subfield code="b">Colorado</subfield><subfield code="c">Park</subfield><subfield code="d">Fairplay.</subfield></datafield><datafield ind1="0" ind2="5" tag="780"><subfield code="t">Park County nosey</subfield></datafield><datafield ind1="1" ind2=" " tag="029"><subfield code="a">AU@</subfield><subfield code="b">000025853076</subfield></datafield></record>